<record>
  <leader>01197nem a2200217 a 4500</leader>
  <controlfield tag="001">991000121989702696</controlfield>
  <controlfield tag="005">20161105044047.0</controlfield>
  <controlfield tag="008">160508m19731977wau       |  |r |   eng |</controlfield>
  <datafield tag="035" ind1=" " ind2=" ">
    <subfield code="a">(IL-JeALB)13651-972ai_inst</subfield>
  </datafield>
  <datafield tag="035" ind1=" " ind2=" ">
    <subfield code="a">13651</subfield>
    <subfield code="9">ExL</subfield>
  </datafield>
  <datafield tag="110" ind1="1" ind2=" ">
    <subfield code="a">National Geographic Society</subfield>
  </datafield>
  <datafield tag="245" ind1="1" ind2="0">
    <subfield code="a">Close-up :</subfield>
    <subfield code="b">U.S.A.</subfield>
    <subfield code="h">[map]</subfield>
  </datafield>
  <datafield tag="255" ind1=" " ind2=" ">
    <subfield code="a">Scales vary.</subfield>
  </datafield>
  <datafield tag="260" ind1=" " ind2=" ">
    <subfield code="a">Washington, D.C. :</subfield>
    <subfield code="b">National Geographic Magazine,</subfield>
    <subfield code="c">1973-1977.</subfield>
  </datafield>
  <datafield tag="300" ind1=" " ind2=" ">
    <subfield code="a">1 map on 12 (of 13+) sheets ;</subfield>
    <subfield code="c">90 x 59 cm. on 12 sheets 90 x 59 cm.</subfield>
  </datafield>
  <datafield tag="505" ind1="0" ind2=" ">
    <subfield code="a">Sheets: 1. Western New England -- 3. The Mid-Atlantic States -- 4. The Southeast -- 5. Florida -- 6. Wisconsin,  -- 7. Illinois,  -- 8. The North Central States -- 9. The South Central States -- 10. The Northwest -- 11. The Southwest -- 12. California  -- 13. Hawaii.</subfield>
  </datafield>
  <datafield tag="555" ind1=" " ind2=" ">
    <subfield code="a">List of Albright-held sheets at:</subfield>
    <subfield code="u">http://www.aiar.org/wp-content/uploads/2014/11/NationalGeographic31-73.pdf</subfield>
  </datafield>
  <datafield tag="651" ind1=" " ind2="0">
    <subfield code="a">America, North</subfield>
    <subfield code="z">United States</subfield>
    <subfield code="v">Maps.</subfield>
  </datafield>
  <datafield tag="949" ind1=" " ind2=" ">
    <subfield code="a">MAPS 31-73-1 to 31-73-13</subfield>
  </datafield>
  <datafield tag="951" ind1=" " ind2=" ">
    <subfield code="a">834 (sh.1); 771 (sh.3); 783 (sh.4); 836 (sh.5); 777 (sh.6); 772 (sh.7); 806 (sh.8); 805 (sh.9); 807 (sh.10); 773 (sh.11); 808 (sh.12); 804 (sh.13).</subfield>
  </datafield>
  <datafield tag="999" ind1=" " ind2=" ">
    <subfield code="a">MAP</subfield>
  </datafield>
</record>
